@article{DBLP:journals/corr/HeZRS15,
  author    = {Kaiming He and
               Xiangyu Zhang and
               Shaoqing Ren and
               Jian Sun},
  title     = {Deep Residual Learning for Image Recognition},
  journal   = {CoRR},
  volume    = {abs/1512.03385},
  year      = {2015},
  url       = {http://arxiv.org/abs/1512.03385},
  archivePrefix = {arXiv},
  eprint    = {1512.03385},
  timestamp = {Wed, 07 Jun 2017 14:41:17 +0200},
  biburl    = {https://dblp.org/rec/bib/journals/corr/HeZRS15},
  bibsource = {dblp computer science bibliography, https://dblp.org}
}

@article{DBLP:journals/corr/OordDZSVGKSK16,
  author    = {A{\"{a}}ron van den Oord and
               Sander Dieleman and
               Heiga Zen and
               Karen Simonyan and
               Oriol Vinyals and
               Alex Graves and
               Nal Kalchbrenner and
               Andrew W. Senior and
               Koray Kavukcuoglu},
  title     = {WaveNet: {A} Generative Model for Raw Audio},
  journal   = {CoRR},
  volume    = {abs/1609.03499},
  year      = {2016},
  url       = {http://arxiv.org/abs/1609.03499},
  archivePrefix = {arXiv},
  eprint    = {1609.03499},
  timestamp = {Wed, 07 Jun 2017 14:42:54 +0200},
  biburl    = {https://dblp.org/rec/bib/journals/corr/OordDZSVGKSK16},
  bibsource = {dblp computer science bibliography, https://dblp.org}
}

@book{Goodfellow-et-al-2016,
    title={Deep Learning},
    author={Ian Goodfellow and Yoshua Bengio and Aaron Courville},
    publisher={MIT Press},
    note={\url{http://www.deeplearningbook.org}},
    year={2016}
}

@misc{li2019privacypreserving,
    title={Privacy-preserving Federated Brain Tumour Segmentation},
    author={Wenqi Li and Fausto Milletarì and Daguang Xu and Nicola Rieke and Jonny Hancox and Wentao Zhu and Maximilian Baust and Yan Cheng and Sébastien Ourselin and M. Jorge Cardoso and Andrew Feng},
    year={2019},
    eprint={1910.00962},
    archivePrefix={arXiv},
    primaryClass={cs.CV}
}

@Article{Yang2019,
    author={Yang, Ju Dong
    and Hainaut, Pierre
    and Gores, Gregory J.
    and Amadou, Amina
    and Plymoth, Amelie
    and Roberts, Lewis R.},
    title={A global view of hepatocellular carcinoma: trends, risk, prevention and management},
    journal={Nature Reviews Gastroenterology {\&} Hepatology},
    year={2019},
    month={Oct},
    day={01},
    volume={16},
    number={10},
    pages={589-604},
    issn={1759-5053},
    doi={10.1038/s41575-019-0186-y},
    url={https://doi.org/10.1038/s41575-019-0186-y}
}

@article{chiu2013mortality,
  title={Mortality predicted accuracy for hepatocellular carcinoma patients with hepatic resection using artificial neural network},
  author={Chiu, Herng-Chia and Ho, Te-Wei and Lee, King-Teh and Chen, Hong-Yaw and Ho, Wen-Hsien},
  journal={The Scientific World Journal},
  volume={2013},
  year={2013},
  publisher={Hindawi}
}

@inproceedings{christ2017survivalnet,
  title={SurvivalNet: Predicting patient survival from diffusion weighted magnetic resonance images using cascaded fully convolutional and 3D Convolutional Neural Networks},
  author={Christ, Patrick Ferdinand and Ettlinger, Florian and Kaissis, Georgios and Schlecht, Sebastian and Ahmaddy, Freba and Gr{\"u}n, Felix and Valentinitsch, Alexander and Ahmadi, Seyed-Ahmad and Braren, Rickmer and Menze, Bjoern},
  booktitle={2017 IEEE 14th International Symposium on Biomedical Imaging (ISBI 2017)},
  pages={839--843},
  year={2017},
  organization={IEEE}
}

@article{ho2012disease,
  title={Disease-free survival after hepatic resection in hepatocellular carcinoma patients: a prediction approach using artificial neural network},
  author={Ho, Wen-Hsien and Lee, King-Teh and Chen, Hong-Yaw and Ho, Te-Wei and Chiu, Herng-Chia},
  journal={PLoS one},
  volume={7},
  number={1},
  pages={e29179},
  year={2012},
  publisher={Public Library of Science}
}

@article{park2017prediction,
  title={Prediction of therapeutic response of hepatocellular carcinoma to transcatheter arterial chemoembolization based on pretherapeutic dynamic CT and textural findings},
  author={Park, Hyun Jeong and Kim, Jung Hoon and Choi, Seo-youn and Lee, Eun Sun and Park, Sang Joon and Byun, Jae Young and Choi, Byung Ihn},
  journal={American Journal of Roentgenology},
  volume={209},
  number={4},
  pages={W211--W220},
  year={2017},
  publisher={Am Roentgen Ray Soc}
}

@article{peng2020residual,
  title={Residual convolutional neural network for predicting response of transarterial chemoembolization in hepatocellular carcinoma from CT imaging},
  author={Peng, Jie and Kang, Shuai and Ning, Zhengyuan and Deng, Hangxia and Shen, Jingxian and Xu, Yikai and Zhang, Jing and Zhao, Wei and Li, Xinling and Gong, Wuxing and others},
  journal={European radiology},
  volume={30},
  number={1},
  pages={413--424},
  year={2020},
  publisher={Springer}
}

@article{soler2001fully,
  title={Fully automatic anatomical, pathological, and functional segmentation from CT scans for hepatic surgery},
  author={Soler, Luc and Delingette, Herv{\'e} and Malandain, Gr{\'e}goire and Montagnat, Johan and Ayache, Nicholas and Koehl, Christophe and Dourthe, Olivier and Malassagne, Benoit and Smith, Michelle and Mutter, Didier and others},
  journal={Computer Aided Surgery},
  volume={6},
  number={3},
  pages={131--142},
  year={2001},
  publisher={Taylor \& Francis}
}

@inproceedings{moltz2008segmentation,
  title={Segmentation of liver metastases in CT scans by adaptive thresholding and morphological processing},
  author={Moltz, Jan Hendrik and Bornemann, Lars and Dicken, Volker and Peitgen, H},
  booktitle={MICCAI workshop},
  volume={41},
  number={43},
  pages={195},
  year={2008}
}

@inproceedings{wong2008semi,
  title={A semi-automated method for liver tumor segmentation based on 2D region growing with knowledge-based constraints},
  author={Wong, Damon and Liu, Jiang and Fengshou, Yin and Tian, Qi and Xiong, Wei and Zhou, Jiayin and Qi, Yingyi and Han, Thazin and Venkatesh, S and Wang, Shih-chang},
  booktitle={MICCAI workshop},
  volume={41},
  number={43},
  pages={159},
  year={2008}
}

@inproceedings{jimenez2011optimal,
  title={Optimal multiresolution 3D level-set method for liver segmentation incorporating local curvature constraints},
  author={Jimenez-Carretero, Daniel and Fernandez-de-Manuel, Laura and Pascau, Javier and Tellado, Jose M and Ramon, Enrique and Desco, Manuel and Santos, Andres and Ledesma-Carbayo, Maria J},
  booktitle={2011 Annual International Conference of the IEEE Engineering in Medicine and Biology Society},
  pages={3419--3422},
  year={2011},
  organization={IEEE}
}

@inproceedings{huang2014random,
  title={Random feature subspace ensemble based extreme learning machine for liver tumor detection and segmentation},
  author={Huang, Weimin and Yang, Yongzhong and Lin, Zhiping and Huang, Guang-Bin and Zhou, Jiayin and Duan, Yuping and Xiong, Wei},
  booktitle={2014 36th Annual International Conference of the IEEE Engineering in Medicine and Biology Society},
  pages={4675--4678},
  year={2014},
  organization={IEEE}
}

@inproceedings{vorontsov2014metastatic,
  title={Metastatic liver tumor segmentation using texture-based omni-directional deformable surface models},
  author={Vorontsov, Eugene and Abi-Jaoudeh, Nadine and Kadoury, Samuel},
  booktitle={International MICCAI Workshop on Computational and Clinical Challenges in Abdominal Imaging},
  pages={74--83},
  year={2014},
  organization={Springer}
}

@article{le2016liver,
  title={Liver tumor segmentation from MR images using 3D fast marching algorithm and single hidden layer feedforward neural network},
  author={Le, Trong-Ngoc and Huynh, Hieu Trung and others},
  journal={BioMed research international},
  volume={2016},
  year={2016},
  publisher={Hindawi}
}

@inproceedings{kuo2017texture,
  title={Texture-based treatment prediction by automatic liver tumor segmentation on computed tomography},
  author={Kuo, Chao-Lun and Cheng, Shyi-Chyi and Lin, Chih-Lang and Hsiao, Kuei-Fang and Lee, Shang-Hung},
  booktitle={2017 International Conference on Computer, Information and Telecommunication Systems (CITS)},
  pages={128--132},
  year={2017},
  organization={IEEE}
}

@article{conze2017scale,
  title={Scale-adaptive supervoxel-based random forests for liver tumor segmentation in dynamic contrast-enhanced CT scans},
  author={Conze, Pierre-Henri and Noblet, Vincent and Rousseau, Fran{\c{c}}ois and Heitz, Fabrice and de Blasi, Vito and Memeo, Riccardo and Pessaux, Patrick},
  journal={International journal of computer assisted radiology and surgery},
  volume={12},
  number={2},
  pages={223--233},
  year={2017},
  publisher={Springer}
}

@inproceedings{ronneberger2015u,
  title={U-net: Convolutional networks for biomedical image segmentation},
  author={Ronneberger, Olaf and Fischer, Philipp and Brox, Thomas},
  booktitle={International Conference on Medical image computing and computer-assisted intervention},
  pages={234--241},
  year={2015},
  organization={Springer}
}

@inproceedings{cciccek20163d,
  title={3D U-Net: learning dense volumetric segmentation from sparse annotation},
  author={{\c{C}}i{\c{c}}ek, {\"O}zg{\"u}n and Abdulkadir, Ahmed and Lienkamp, Soeren S and Brox, Thomas and Ronneberger, Olaf},
  booktitle={International conference on medical image computing and computer-assisted intervention},
  pages={424--432},
  year={2016},
  organization={Springer}
}

@incollection{ben2016fully,
  title={Fully convolutional network for liver segmentation and lesions detection},
  author={Ben-Cohen, Avi and Diamant, Idit and Klang, Eyal and Amitai, Michal and Greenspan, Hayit},
  booktitle={Deep learning and data labeling for medical applications},
  pages={77--85},
  year={2016},
  publisher={Springer}
}

@inproceedings{christ2016automatic,
  title={Automatic liver and lesion segmentation in CT using cascaded fully convolutional neural networks and 3D conditional random fields},
  author={Christ, Patrick Ferdinand and Elshaer, Mohamed Ezzeldin A and Ettlinger, Florian and Tatavarty, Sunil and Bickel, Marc and Bilic, Patrick and Rempfler, Markus and Armbruster, Marco and Hofmann, Felix and D’Anastasi, Melvin and others},
  booktitle={International Conference on Medical Image Computing and Computer-Assisted Intervention},
  pages={415--423},
  year={2016},
  organization={Springer}
}

@article{sun2017automatic,
  title={Automatic segmentation of liver tumors from multiphase contrast-enhanced CT images based on FCNs},
  author={Sun, Changjian and Guo, Shuxu and Zhang, Huimao and Li, Jing and Chen, Meimei and Ma, Shuzhi and Jin, Lanyi and Liu, Xiaoming and Li, Xueyan and Qian, Xiaohua},
  journal={Artificial intelligence in medicine},
  volume={83},
  pages={58--66},
  year={2017},
  publisher={Elsevier}
}

@article{han2017automatic,
  title={Automatic liver lesion segmentation using a deep convolutional neural network method},
  author={Han, Xiao},
  journal={arXiv preprint arXiv:1704.07239},
  year={2017}
}

@article{li2018h,
  title={H-DenseUNet: hybrid densely connected UNet for liver and tumor segmentation from CT volumes},
  author={Li, Xiaomeng and Chen, Hao and Qi, Xiaojuan and Dou, Qi and Fu, Chi-Wing and Heng, Pheng-Ann},
  journal={IEEE transactions on medical imaging},
  volume={37},
  number={12},
  pages={2663--2674},
  year={2018},
  publisher={IEEE}
}

@inproceedings{sabour2017dynamic,
  title={Dynamic routing between capsules},
  author={Sabour, Sara and Frosst, Nicholas and Hinton, Geoffrey E},
  booktitle={Advances in neural information processing systems},
  pages={3856--3866},
  year={2017}
}

@inproceedings{hinton2000learning,
  title={Learning to parse images},
  author={Hinton, Geoffrey E and Ghahramani, Zoubin and Teh, Yee Whye},
  booktitle={Advances in neural information processing systems},
  pages={463--469},
  year={2000}
}

@inproceedings{hinton2011transforming,
  title={Transforming auto-encoders},
  author={Hinton, Geoffrey E and Krizhevsky, Alex and Wang, Sida D},
  booktitle={International conference on artificial neural networks},
  pages={44--51},
  year={2011},
  organization={Springer}
}

@article{lalonde2020capsules,
  title={Capsules for Biomedical Image Segmentation},
  author={LaLonde, Rodney and Xu, Ziyue and Jain, Sanjay and Bagci, Ulas},
  journal={arXiv preprint arXiv:2004.04736},
  year={2020}
}

@article{moghbel2018review,
  title={Review of liver segmentation and computer assisted detection/diagnosis methods in computed tomography},
  author={Moghbel, Mehrdad and Mashohor, Syamsiah and Mahmud, Rozi and Saripan, M Iqbal Bin},
  journal={Artificial Intelligence Review},
  volume={50},
  number={4},
  pages={497--537},
  year={2018},
  publisher={Springer}
}

@inproceedings{mobiny2018fast,
  title={Fast capsnet for lung cancer screening},
  author={Mobiny, Aryan and Van Nguyen, Hien},
  booktitle={International Conference on Medical Image Computing and Computer-Assisted Intervention},
  pages={741--749},
  year={2018},
  organization={Springer}
}

@article{raoul2011evolving,
  title={Evolving strategies for the management of intermediate-stage hepatocellular carcinoma: available evidence and expert opinion on the use of transarterial chemoembolization},
  author={Raoul, J-L and Sangro, B and Forner, A and Mazzaferro, V and Piscaglia, F and Bolondi, L and Lencioni, Riccardo},
  journal={Cancer treatment reviews},
  volume={37},
  number={3},
  pages={212--220},
  year={2011},
  publisher={Elsevier}
}

@article{park2015global,
  title={Global patterns of hepatocellular carcinoma management from diagnosis to death: the BRIDGE Study},
  author={Park, Joong-Won and Chen, Minshan and Colombo, Massimo and Roberts, Lewis R and Schwartz, Myron and Chen, Pei-Jer and Kudo, Masatoshi and Johnson, Philip and Wagner, Samuel and Orsini, Lucinda S and others},
  journal={Liver International},
  volume={35},
  number={9},
  pages={2155--2166},
  year={2015},
  publisher={Wiley Online Library}
}

@article{pomfret2010report,
  title={Report of a national conference on liver allocation in patients with hepatocellular carcinoma in the United States},
  author={Pomfret, Elizabeth A and Washburn, Kenneth and Wald, Christoph and Nalesnik, Michael A and Douglas, David and Russo, Mark and Roberts, John and Reich, David J and Schwartz, Myron E and Mieles, Luis and others},
  journal={Liver Transplantation},
  volume={16},
  number={3},
  pages={262--278},
  year={2010},
  publisher={Wiley Online Library}
}

@article{kim2015complete,
  title={Complete response at first chemoembolization is still the most robust predictor for favorable outcome in hepatocellular carcinoma},
  author={Kim, Beom Kyung and Kim, Seung Up and Kim, Kyung Ah and Chung, Yong Eun and Kim, Myeong-Jin and Park, Mi-Suk and Park, Jun Yong and Ahn, Sang Hoon and Kim, Man Deuk and Park, Sung Il and others},
  journal={Journal of hepatology},
  volume={62},
  number={6},
  pages={1304--1310},
  year={2015},
  publisher={Elsevier}
}

@inproceedings{hinton2018matrix,
  title={Matrix capsules with EM routing},
  author={Hinton, Geoffrey E and Sabour, Sara and Frosst, Nicholas},
  booktitle={International conference on learning representations},
  year={2018}
}
@article{badrinarayanan2017segnet,
  title={Segnet: A deep convolutional encoder-decoder architecture for image segmentation},
  author={Badrinarayanan, Vijay and Kendall, Alex and Cipolla, Roberto},
  journal={IEEE transactions on pattern analysis and machine intelligence},
  volume={39},
  number={12},
  pages={2481--2495},
  year={2017},
  publisher={IEEE}
}